[gd_scene load_steps=12 format=2]

[ext_resource path="res://graphics/particles/participle.png" type="Texture" id=1]
[ext_resource path="res://graphics/particles/participle2.png" type="Texture" id=2]
[ext_resource path="res://graphics/particles/flame.png" type="Texture" id=3]
[ext_resource path="res://sounds/explosion.wav" type="AudioStream" id=4]

[sub_resource type="GDScript" id=1]

script/source = "extends Node2D

func _ready():
	print(\"plane_explosion _ready\")
	$Particles.restart()
	$Flame.restart()
	get_node(\"Flame/AnimationPlayer\").play(\"flame\")
	get_node(\"Flame2/AnimationPlayer\").play(\"flame\")
	get_node(\"CenterFlame/AnimationPlayer\").play(\"FadeOut\")
	$Timer.connect(\"timeout\", self, \"_on_timeout\")
	$AudioExplosion.play()
	
func _on_timeout():
	print(\"plane_explosion free\")
	queue_free()"

[sub_resource type="ParticlesMaterial" id=2]

render_priority = 0
trail_divisor = 1
emission_shape = 2
emission_box_extents = Vector3( 20, 20, 1 )
flag_align_y = false
flag_rotate_y = false
flag_disable_z = true
spread = 180.0
flatness = 0.0
gravity = Vector3( 0, 0, 0 )
initial_velocity = 70.0
initial_velocity_random = 0.0
angular_velocity = 360.0
angular_velocity_random = 1.0
orbit_velocity = 0.0
orbit_velocity_random = 0.0
linear_accel = 0.0
linear_accel_random = 0.0
radial_accel = 0.0
radial_accel_random = 0.0
tangential_accel = 0.0
tangential_accel_random = 0.0
damping = 0.0
damping_random = 0.0
angle = 180.0
angle_random = 1.0
scale = 2.0
scale_random = 1.0
color = Color( 1, 1, 1, 1 )
hue_variation = 0.0
hue_variation_random = 0.0
anim_speed = 0.0
anim_speed_random = 0.0
anim_offset = 0.0
anim_offset_random = 0.0
anim_loop = false
_sections_unfolded = [ "Angle", "Angular Velocity", "Damping", "Emission Shape", "Gravity", "Initial Velocity", "Orbit Velocity", "Scale", "Spread", "Trail" ]

[sub_resource type="ParticlesMaterial" id=3]

render_priority = 0
trail_divisor = 1
emission_shape = 2
emission_box_extents = Vector3( 20, 20, 1 )
flag_align_y = false
flag_rotate_y = false
flag_disable_z = true
spread = 180.0
flatness = 0.0
gravity = Vector3( 0, 0, 0 )
initial_velocity = 70.0
initial_velocity_random = 0.3
angular_velocity = 360.0
angular_velocity_random = 1.0
orbit_velocity = 0.0
orbit_velocity_random = 0.0
linear_accel = 0.0
linear_accel_random = 0.0
radial_accel = 0.0
radial_accel_random = 0.0
tangential_accel = 0.0
tangential_accel_random = 0.0
damping = 0.0
damping_random = 0.0
angle = 0.0
angle_random = 0.0
scale = 1.0
scale_random = 0.0
color = Color( 1, 1, 1, 1 )
hue_variation = 0.0
hue_variation_random = 0.0
anim_speed = 0.0
anim_speed_random = 0.0
anim_offset = 0.0
anim_offset_random = 0.0
anim_loop = false
_sections_unfolded = [ "Angular Velocity", "Emission Shape", "Initial Velocity", "Spread" ]

[sub_resource type="ParticlesMaterial" id=4]

render_priority = 1
trail_divisor = 1
emission_shape = 2
emission_box_extents = Vector3( 40, 20, 0 )
flag_align_y = false
flag_rotate_y = false
flag_disable_z = true
spread = 180.0
flatness = 0.0
gravity = Vector3( 0, 0, 0 )
initial_velocity = 40.0
initial_velocity_random = 0.0
angular_velocity = 0.0
angular_velocity_random = 0.0
orbit_velocity = 0.0
orbit_velocity_random = 0.0
linear_accel = 0.0
linear_accel_random = 0.0
radial_accel = 0.0
radial_accel_random = 0.0
tangential_accel = 0.0
tangential_accel_random = 0.0
damping = 0.0
damping_random = 0.0
angle = 0.0
angle_random = 0.0
scale = 3.0
scale_random = 0.0
color = Color( 1, 1, 1, 1 )
hue_variation = 0.0
hue_variation_random = 0.0
anim_speed = 0.0
anim_speed_random = 0.0
anim_offset = 0.0
anim_offset_random = 0.0
anim_loop = false
_sections_unfolded = [ "Angle", "Angular Velocity", "Color", "Damping", "Emission Shape", "Flags", "Gravity", "Hue Variation", "Initial Velocity", "Linear Accel", "Orbit Velocity", "Radial Accel", "Spread", "Tangential Accel", "Trail" ]

[sub_resource type="Animation" id=5]

length = 0.7
loop = false
step = 0.1
tracks/0/type = "value"
tracks/0/path = NodePath(".:modulate")
tracks/0/interp = 1
tracks/0/loop_wrap = true
tracks/0/imported = false
tracks/0/enabled = true
tracks/0/keys = {
"times": PoolRealArray( 0, 0.7 ),
"transitions": PoolRealArray( 1, 1 ),
"update": 0,
"values": [ Color( 1, 1, 1, 1 ), Color( 1, 1, 1, 0 ) ]
}
tracks/1/type = "value"
tracks/1/path = NodePath(".:emitting")
tracks/1/interp = 1
tracks/1/loop_wrap = true
tracks/1/imported = false
tracks/1/enabled = true
tracks/1/keys = {
"times": PoolRealArray( 0, 0.7 ),
"transitions": PoolRealArray( 1, 1 ),
"update": 1,
"values": [ true, false ]
}

[sub_resource type="Animation" id=6]

length = 0.7
loop = false
step = 0.1
tracks/0/type = "value"
tracks/0/path = NodePath(".:modulate")
tracks/0/interp = 1
tracks/0/loop_wrap = true
tracks/0/imported = false
tracks/0/enabled = true
tracks/0/keys = {
"times": PoolRealArray( 0, 0.7 ),
"transitions": PoolRealArray( 1, 1 ),
"update": 0,
"values": [ Color( 1, 1, 1, 1 ), Color( 1, 1, 1, 0 ) ]
}
tracks/1/type = "value"
tracks/1/path = NodePath(".:emitting")
tracks/1/interp = 1
tracks/1/loop_wrap = true
tracks/1/imported = false
tracks/1/enabled = true
tracks/1/keys = {
"times": PoolRealArray( 0, 0.7 ),
"transitions": PoolRealArray( 1, 1 ),
"update": 1,
"values": [ true, false ]
}

[sub_resource type="Animation" id=7]

length = 0.7
loop = false
step = 0.1
tracks/0/type = "value"
tracks/0/path = NodePath(".:modulate")
tracks/0/interp = 1
tracks/0/loop_wrap = true
tracks/0/imported = false
tracks/0/enabled = true
tracks/0/keys = {
"times": PoolRealArray( 0, 0.7 ),
"transitions": PoolRealArray( 1, 1 ),
"update": 0,
"values": [ Color( 1, 1, 1, 1 ), Color( 1, 1, 1, 0 ) ]
}

[node name="PlaneExplosion" type="Node2D"]

z_index = 1
script = SubResource( 1 )
_sections_unfolded = [ "Transform", "Visibility", "Z Index" ]

[node name="Particles" type="Particles2D" parent="." index="0"]

z_index = 2
emitting = false
amount = 15
lifetime = 1.0
one_shot = true
preprocess = 0.0
speed_scale = 1.0
explosiveness = 1.0
randomness = 1.0
fixed_fps = 0
fract_delta = true
visibility_rect = Rect2( -100, -100, 200, 200 )
local_coords = true
draw_order = 0
process_material = SubResource( 2 )
texture = ExtResource( 1 )
normal_map = null
h_frames = 1
v_frames = 1
_sections_unfolded = [ "Drawing", "Material", "Process Material", "Textures", "Time", "Transform", "Visibility", "Z Index" ]

[node name="Particles2" type="Particles2D" parent="." index="1"]

z_index = 2
emitting = false
amount = 15
lifetime = 1.0
one_shot = true
preprocess = 0.0
speed_scale = 1.0
explosiveness = 1.0
randomness = 1.0
fixed_fps = 0
fract_delta = true
visibility_rect = Rect2( -100, -100, 200, 200 )
local_coords = true
draw_order = 0
process_material = SubResource( 3 )
texture = ExtResource( 2 )
normal_map = null
h_frames = 1
v_frames = 1
_sections_unfolded = [ "Drawing", "Material", "Process Material", "Textures", "Time", "Transform", "Visibility", "Z Index" ]

[node name="Flame" type="Particles2D" parent="." index="2"]

z_index = 1
emitting = false
amount = 15
lifetime = 0.7
one_shot = true
preprocess = 0.0
speed_scale = 1.0
explosiveness = 1.0
randomness = 0.0
fixed_fps = 0
fract_delta = true
visibility_rect = Rect2( -100, -100, 200, 200 )
local_coords = true
draw_order = 0
process_material = SubResource( 4 )
texture = ExtResource( 3 )
normal_map = null
h_frames = 1
v_frames = 1
_sections_unfolded = [ "Drawing", "Material", "Process Material", "Textures", "Time", "Transform", "Visibility", "Z Index" ]

[node name="AnimationPlayer" type="AnimationPlayer" parent="Flame" index="0"]

root_node = NodePath("..")
autoplay = ""
playback_process_mode = 1
playback_default_blend_time = 0.0
playback_speed = 1.0
anims/flame = SubResource( 5 )
blend_times = [  ]

[node name="Flame2" type="Particles2D" parent="." index="3"]

z_index = 3
emitting = false
amount = 15
lifetime = 0.7
one_shot = true
preprocess = 0.0
speed_scale = 1.0
explosiveness = 1.0
randomness = 0.0
fixed_fps = 0
fract_delta = true
visibility_rect = Rect2( -100, -100, 200, 200 )
local_coords = true
draw_order = 0
process_material = SubResource( 4 )
texture = ExtResource( 3 )
normal_map = null
h_frames = 1
v_frames = 1
_sections_unfolded = [ "Drawing", "Material", "Process Material", "Textures", "Time", "Transform", "Visibility", "Z Index" ]

[node name="AnimationPlayer" type="AnimationPlayer" parent="Flame2" index="0"]

root_node = NodePath("..")
autoplay = ""
playback_process_mode = 1
playback_default_blend_time = 0.0
playback_speed = 1.0
anims/flame = SubResource( 6 )
blend_times = [  ]

[node name="CenterFlame" type="Sprite" parent="." index="4"]

modulate = Color( 1, 1, 1, 0 )
position = Vector2( 0.114319, 0.0102692 )
scale = Vector2( 6.45136, 6.22904 )
z_index = 3
texture = ExtResource( 3 )
_sections_unfolded = [ "Visibility", "Z Index" ]

[node name="AnimationPlayer" type="AnimationPlayer" parent="CenterFlame" index="0"]

root_node = NodePath("..")
autoplay = ""
playback_process_mode = 1
playback_default_blend_time = 0.0
playback_speed = 1.0
anims/FadeOut = SubResource( 7 )
blend_times = [  ]

[node name="Timer" type="Timer" parent="." index="5"]

process_mode = 1
wait_time = 2.0
one_shot = true
autostart = true

[node name="AudioExplosion" type="AudioStreamPlayer2D" parent="." index="6" groups=[
"audio_game",
]]

stream = ExtResource( 4 )
volume_db = 0.0
pitch_scale = 1.0
autoplay = false
max_distance = 2000.0
attenuation = 1.0
bus = "Master"
area_mask = 1


